<record><leader>00000cas a2200000 a 4500</leader><controlfield tag="001">18691199</controlfield><controlfield tag="008">881031d194619uuwauer ne      0    0eng d</controlfield><datafield ind1=" " ind2=" " tag="010"><subfield code="a">sn 88087174 </subfield></datafield><datafield ind1=" " ind2=" " tag="040"><subfield code="a">SLZ</subfield><subfield code="b">eng</subfield><subfield code="c">SLZ</subfield><subfield code="d">OCL</subfield><subfield code="d">OCLCQ</subfield></datafield><datafield ind1=" " ind2=" " tag="042"><subfield code="a">msc</subfield></datafield><datafield ind1=" " ind2=" " tag="043"><subfield code="a">n-us-wa</subfield></datafield><datafield ind1="0" ind2="4" tag="245"><subfield code="a">The Richmond Highland herald.</subfield></datafield><datafield ind1=" " ind2=" " tag="260"><subfield code="a">Richmond Highlands, Wash. :</subfield><subfield code="b">[s.n.]</subfield></datafield><datafield ind1=" " ind2=" " tag="300"><subfield code="a">v.</subfield></datafield><datafield ind1=" " ind2=" " tag="310"><subfield code="a">Biweekly</subfield></datafield><datafield ind1="0" ind2=" " tag="362"><subfield code="a">Vol. 1, no. 1 (Feb. 15, 1946)-</subfield></datafield><datafield ind1=" " ind2="0" tag="651"><subfield code="a">Richmond Highlands (Wash.)</subfield><subfield code="v">Newspapers.</subfield></datafield><datafield ind1=" " ind2=" " tag="752"><subfield code="a">United States</subfield><subfield code="b">Washington</subfield><subfield code="c">King</subfield><subfield code="d">Richmond Highlands.</subfield></datafield></record>